@inproceedings{ehrhardt2021gap,
	title={{Gap Acceptance at Blocked Lanes on Urban Two-Way Roads and Evaluation of a Bottleneck Assistant}},
	author={Ehrhardt, S. and Baumann, M.V. and Buck, H.S. and Li, Y. and Deml, B. and Vortisch, P.},
	booktitle={100th Transportation Research Board Annual Meeting}, 
	address={Washington D.C., USA},
	year={2021}
}



@inproceedings{ziehn2023cooperative,
  title={Cooperative automated driving for bottleneck scenarios in mixed traffic},
  author={\bibmovetofront{}Ziehn, J.R. and Baumann, M.V. and Beyerer, J. and Buck, H.S. and Deml, B. and Ehrhardt, S. and Frese, Ch. and Kleiser, D. and Lauer, M. and Roschani, M. and others},
  booktitle={35th IEEE Intelligent Vehicles Symposium (IV 2023), Anchorage, AK, USA, June 4-7, 2023},
  year={2023}
}

