@ARTICLE{Shladover, 
author={J. Petit and S.E. Shladover}, 
journal={IEEE Transactions on Intelligent Transportation Systems}, 
title={{Potential Cyberattacks on Automated Vehicles}}, 
year={2015}, 
volume={16}, 
number={2}, 
pages={546--556}, 
doi={10.1109/TITS.2014.2342271}, 
ISSN={1524-9050}, 
month={Apr}}






@article{Yagdereli,
author = {E. Ya\u{g}dereli and C. Gemci and A.Z. Akta\c{s}},
title = {{A study on cyber-security of autonomous and unmanned vehicles}},
journal = {The Journal of Defense Modeling and Simulation},
volume = {12},
number = {4},
pages = {369--381},
year = {2015},
doi = {10.1177/1548512915575803}
}


@inproceedings{Weimerskirch,
 author = {Weimerskirch, A.},
 title = {{An Overview of Automotive Cybersecurity: Challenges and Solution Approaches}},
 booktitle = {Proceedings of the 5th International Workshop on Trustworthy Embedded Devices},
 series = {TrustED '15},
 year = {2015},
 isbn = {978-1-4503-3828-8},
 location = {Denver, Colorado, USA},
 pages = {53--53},
 numpages = {1},
 doi = {10.1145/2808414.2808423},
 acmid = {2808423},
 publisher = {ACM},
 address = {New York, NY, USA},
} 



@INPROCEEDINGS{Frese2007, 
author={Ch. Frese and J. Beyerer and P. Zimmer}, 
booktitle={2007 IEEE Intelligent Vehicles Symposium}, 
title={{Cooperation of Cars and Formation of Cooperative Groups}}, 
year={2007}, 
pages={227--232}, 
doi={10.1109/IVS.2007.4290119}, 
ISSN={1931-0587}, 
month={Jun},}

@Article{Frese2011,
author="Frese, Ch. and Beyerer, J.",
title={{Collision Avoidance by Cooperative Driving Maneuvers}},
journal="ATZelektronik worldwide eMagazine",
year="2011",
month="Oct",
day="01",
volume="6",
number="5",
pages="48--52",
issn="2192-9092",
doi="10.1365/s38314-011-0054-1",
}

@inproceedings{frese2011comparison,
  title={{A Comparison of Motion Planning Algorithms for Cooperative Collision Avoidance of Multiple Cognitive Automobiles}},
  author={Frese, Ch. and Beyerer, J.},
  booktitle={2011 IEEE Intelligent Vehicles Symposium (IV)},
  pages={1156--1162},
  year={2011},
  organization={IEEE}
}

@article{geiger2012team,
  title={Team AnnieWAY's entry to the 2011 grand cooperative driving challenge},
  author={Geiger, A. and Lauer, M. and Moosmann, F. and Ranft, B. and Rapp, H. and Stiller, Ch. and Ziegler, J.},
  journal={IEEE Transactions on Intelligent Transportation Systems},
  volume={13},
  number={3},
  pages={1008--1017},
  year={2012},
  publisher={IEEE}
}


@ARTICLE{Park, 
author={Y. Park and H. Kim}, 
journal={IEEE Communications Magazine}, 
title={{On the coexistence of IEEE 802.11ac and WAVE in the 5.9 GHz Band}}, 
year={2014}, 
volume={52}, 
number={6}, 
pages={162--168}, 
doi={10.1109/MCOM.2014.6829959}, 
ISSN={0163-6804}, 
month={Jun},}


@INPROCEEDINGS{Lansford, 
author={J. Lansford and J. B. Kenney and P. Ecclesine}, 
booktitle={2013 IEEE Vehicular Networking Conference}, 
title={{Coexistence of unlicensed devices with DSRC systems in the 5.9 GHz ITS band}}, 
year={2013}, 
pages={9--16}, 
doi={10.1109/VNC.2013.6737584}, 
ISSN={2157-9857}, 
month={Dec},}



@ARTICLE{RamacherSDR, 
author={U. Ramacher}, 
journal={Computer}, 
title={{Software-Defined Radio Prospects for Multistandard Mobile Phones}}, 
year={2007}, 
volume={40}, 
number={10}, 
pages={62--69}, 
doi={10.1109/MC.2007.362}, 
ISSN={0018-9162}, 
month={Oct},}

@inproceedings{Elias,
  title={{A Comparative Study of IEEE 802.11 Standards for Non-Safety Applications on Vehicular Ad Hoc Networks: A Congestion Control Perspective}},
  author={Sh.S. Elias and M. Nazri and D.M. Warip and R.B. Ahmad and A.H. Abdul Halim},
  year={2014},
	booktitle={Proceedings of the World Congress on Engineering and Computer Science 2014 Vol II
WCECS 2014},
day={22--24},
month={Oct},
address={San Francisco, USA}
}

@ARTICLE{DSRC, 
author={D. Jiang and V. Taliwal and A. Meier and W. Holfelder and R. Herrtwich}, 
journal={IEEE Wireless Communications}, 
title={{Design of 5.9 GHz DSRC-based vehicular safety communication}}, 
year={2006}, 
volume={13}, 
number={5}, 
pages={36--43}, 
doi={10.1109/WC-M.2006.250356}, 
ISSN={1536-1284}, 
month={Oct},}

@book{FCCRecord,
  title={{FCC Record: A Comprehensive Compilation of Decisions, Reports, Public Notices, and Other Documents of the Federal Communications Commission of the United States}},
  author={U.S. Federal Communication Commission FCC},
	series={19},
  number={3},
  lccn={89645357},
  issn={1057-5766},
  year={2004},
  publisher={Federal Communications Commission}
}


@inproceedings{V2XPKI,
    author = {Bi{\ss}meyer, N. and St\"{u}bing, H. and Schoch, E. and G\"{o}tz, S. and Stotz, J.P. and Lonc, B.},
    booktitle = {World Congress on Intelligent Transport Systems (ITS)},
    citeulike-article-id = {11837703},
    month = Oct,
    pages = {12--24},
    posted-at = {2012-12-10 17:28:46},
    priority = {2},
    title = {{A generic public key infrastructure for securing Car-to-X communication}},
    year = {2012}
}

@INPROCEEDINGS{SCMS, 
author={W. Whyte and A. Weimerskirch and V. Kumar and T. Hehn}, 
booktitle={2013 IEEE Vehicular Networking Conference}, 
title={{A security credential management system for V2V communications}}, 
year={2013}, 
pages={1--8}, 
doi={10.1109/VNC.2013.6737583}, 
ISSN={2157-9857}, 
month={Dec},}

@article{Stuxnet,
  title={{Stuxnet under the microscope}},
  author={Matrosov, A. and Rodionov, E. and Harley, D. and Malcho, J.},
  journal={ESET LLC (September 2010)},
  year={2010}
}

@incollection{SideChannel,
  author      = "K. Schramm and K. Lemke and Ch. Paar",
  title       = {{Embedded Cryptography: Side Channel Attacks}},
  editor      = "K. Lemke and Ch. Paar and M. Wolf",
  booktitle   = {{Embedded Security in Cars}},
  publisher   = "Springer",
  year        = 2006,
  pages       = "187--206",
}

@mastersthesis{SideChannelThesis,
title = {{Vehicular Networks -- Security, Vulnerabilities and Countermeasures}},
author = {K. Amirtahmasebi and S.R. Jalalinia},
year = 2010,
month = Jun,
school = {{Chalmers University of Technology}},
}

@article{Johansson,
  title={{Drivers' brake reaction times}},
  author={Johansson, G. and Rumar, K.},
  journal={Human factors},
  volume={13},
  number={1},
  pages={23--27},
  year={1971},
  publisher={Sage Publications Sage CA: Los Angeles, CA}
}

@inproceedings{McGehee,
  title={{Driver reaction time in crash avoidance research: Validation of a driving simulator study on a test track}},
  author={McGehee, D.V. and Mazzae, E.N. and Baldwin, G.H.S.},
  booktitle={Proceedings of the human factors and ergonomics society annual meeting},
  volume={44},
  note={20},
  pages={3--320},
  year={2000},
  organization={SAGE Publications Sage CA: Los Angeles, CA}
}


@techreport{CrashSeverity,
  title={{The Relationship between Speed and Car Driver Injury Severity}},
  author={D. Richards and R. Cuerden},
  booktitle={Road Safety Web Publication},
  volume={9},
  year={2009},
	month={Apr},
  institution={Transport Research Laboratory, U.K. Department for Transport}
}

@INPROCEEDINGS{ManchesterMiller, 
author={A.M. Cailean and B. Cagneau and L. Chassagne and M. Dimian and V. Popa}, 
booktitle={2014 10th International Conference on Communications (COMM)}, 
title={{Miller code usage in Visible Light Communications under the PHY I layer of the IEEE 802.15.7 standard}}, 
year={2014}, 
pages={1--4}, 
doi={10.1109/ICComm.2014.6866699}, 
month={May},}

@article{bertha,
  title={{Making Bertha Cooperate -- Team AnnieWAY's Entry to the 2016 Grand Cooperative Driving Challenge}},
  author={Tas, {\"O}.S. and Salscheider, N.O. and F. Poggenhans and Wirges, S. and Bandera, C. and Zofka, M.R. and Strauss, T. and Z{\"o}llner, J.M. and Stiller, Ch.},
  journal={IEEE Transactions on Intelligent Transportation Systems},
  year={2017},
  month={Nov},
  publisher={IEEE}
}

@INPROCEEDINGS{Frese2008, 
author={Ch. Frese and T. Batz and M. Wieser and J. Beyerer}, 
booktitle={2008 IEEE Intelligent Vehicles Symposium}, 
title={Life cycle management for cooperative groups of cognitive automobiles in a distributed environment}, 
year={2008}, 
pages={1125--1130}, 
doi={10.1109/IVS.2008.4621206}, 
ISSN={1931-0587}, 
month={Jun},}

@incollection{Frese2010,
author="Frese, Ch.
and Beyerer, J.",
editor="Dillmann, R.
and Beyerer, J.
and Hanebeck, U.D.
and Schultz, T.",
title="Planning Cooperative Motions of Cognitive Automobiles Using Tree Search Algorithms",
bookTitle="KI 2010: Advances in Artificial Intelligence: 33rd Annual German Conference on AI, Karlsruhe, Germany, September 21--24, 2010. Proceedings",
year="2010",
publisher="Springer Berlin Heidelberg",
address="Berlin, Heidelberg",
pages="91--98",
doi="10.1007/978-3-642-16111-7_10",
url="http://dx.doi.org/10.1007/978-3-642-16111-7_10"
}

@INPROCEEDINGS{Frese2011B, 
author={Ch. Frese and J. Beyerer}, 
booktitle={2011 IEEE Intelligent Vehicles Symposium (IV)}, 
title={A comparison of motion planning algorithms for cooperative collision avoidance of multiple cognitive automobiles}, 
year={2011}, 
pages={1156--1162}, 
ISSN={1931-0587}, 
month={Jun},}

@INPROCEEDINGS{Batz2009, 
author={T. Batz and K. Watson and J. Beyerer}, 
booktitle={2009 IEEE Intelligent Vehicles Symposium}, 
title={Recognition of dangerous situations within a cooperative group of vehicles}, 
year={2009}, 
pages={907--912}, 
ISSN={1931-0587}, 
month={Jun},}

@ARTICLE{IEEE1789, 
author={IEEE}, 
journal={IEEE PAR 1789}, 
title={{IEEE Recommended Practices for Modulating Current in High-Brightness LEDs for Mitigating Health Risks to Viewers}}, 
year={2015}, 
volume={},
}


@techreport{RAA, 
  shorthand={RAA08},
  title={{Richtlinien für die Anlage von Autobahnen (RAA)}},
  author={{Forschungsgesellschaft für Stra{\ss}en- und Verkehrswesen e. V. (FGSV)}},
  year={2008},
  institution={FGSV}
}

@inproceedings{naumann2017cooperativePlanning,
  author = {M. Naumann and Stiller, Ch.},
  title = {{Towards Cooperative Motion Planning for Automated Vehicles in Mixed Traffic}},
  year = {2017},
  month =sep,
  address = {Vancouver, Canada},
  booktitle = {IEEE/RSJ Intl. Conf. Intelligent Robots and Systems Workshops},
  url = {https://arxiv.org/abs/1708.06962}
}



@inproceedings{ehrhardt2021gap,
	title={{Gap Acceptance at Blocked Lanes on Urban Two-Way Roads and Evaluation of a Bottleneck Assistant}},
	author={Ehrhardt, S. and Baumann, M.V. and Buck, H.S. and Li, Y. and Deml, B. and Vortisch, P.},
	booktitle={100th Transportation Research Board Annual Meeting}, 
	address={Washington D.C., USA},
	year={2021}
}


@inproceedings{baumannbottleneck,
	title={{Simulation-Based Traffic Assessment of a Connected Automated Driving Function}},
	author={Baumann, M.V. and Buck, H.S. and Ehrhardt, S. and Roschani, M. and Vortisch, P.},
	booktitle={Association for European Transport -- European Transport Conference 2021}, 
	year={2021}
}

@incollection{fellendorf2010microscopic,
  title={{Microscopic traffic flow simulator VISSIM}},
  author={Fellendorf, M. and Vortisch, P.},
  booktitle={Fundamentals of traffic simulation},
  pages={63--93},
  year={2010},
  publisher={Springer}
}

@book{wiedemann1974simulation,
	title={{Simulation des Strassenverkehrsflusses (Schriftenreihe des Instituts für
	Verkehrswesen)}},
	author={Wiedemann, R.},
	year={1974},
	address   = {Karlsruhe},
	publisher={KIT}
}

@inproceedings{krajzewicz2002sumo,
  title={{SUMO (Simulation of Urban MObility)-an open-source traffic simulation}},
  author={Krajzewicz, D. and Hertkorn, G. and R{\"o}ssel, Ch. and Wagner, P.},
  booktitle={Proceedings of the 4th middle East Symposium on Simulation and Modelling (MESM20002)},
  pages={183--187},
  year={2002}
}


@book{krauss1998microscopic,
  title={{Microscopic Modeling of Traffic Flow: Investigation of Collision Free Vehicle Dynamics}},
  author={Krau{\ss}, S.},
  year={1998},
	address={Koeln-Porz},
	publisher={DLR}
}

@phdthesis{Kowalewski2020_1000099791,
    author       = {Kowalewski, J.},
    year         = {2020},
    title        = {{Capacity Enhancement by Pattern-Reconfigurable Multiple Antenna Systems in Vehicular Applications}},
    doi          = {10.5445/KSP/1000099791},
    publisher    = {{KIT Scientific Publishing}},
    isbn         = {978-3-7315-0997-4},
    issn         = {1868-4696},
    series       = {Karlsruher Forschungsberichte aus dem Institut f{\"{u}}r Hochfrequenztechnik und Elektronik},
    abstract     = {This work presents a design methodology for pattern reconfigurable antennas in automotive applications. Channel simulation is used to identify the relevant beam directions prior to the design of the antenna. Based on this knowledge several reconfigurable multiple antenna systems are designed. These antennas are evaluated by the channel capacity calculation from virtual and real-world test drives. An increase of the channel capacity by a factor of 2 compared to a conventional system is observed.},
    keywords     = {Mehrantennensysteme, rekonfigurierbare Antennen, Car-to-X Kommunikation, Automotive, drahtloser Kanal, MIMO antennas, reconfigurable antennas, V2X, automotive, wireless channel},
    pagetotal    = {146},
    school       = {Karlsruher Institut für Technologie (KIT)},
    language     = {english},
    volume       = {95}
}


@inproceedings{kamal2013coordination,
  title={Coordination of automated vehicles at a traffic-lightless intersection},
  author={Kamal, M.A.S. and Imura, J-I. and Ohata, A. and Hayakawa, T. and Aihara, K.},
  booktitle={16th International IEEE Conference on Intelligent Transportation Systems (ITSC 2013)},
  pages={922--927},
  year={2013},
  organization={Ieee}
}




@article{wang2019survey,
  title={A Survey on Cooperative Longitudinal Motion Control of Multiple Connected and Automated Vehicles},
  author={Wang, Z. and Bian, Y. and Shladover, S.E. and Wu, G. and Li, Sh.E. and Barth, M.J.},
  journal={IEEE Intelligent Transportation Systems Magazine},
  volume={12},
  number={1},
  pages={4--24},
  year={2019},
  publisher={IEEE}
}

@inproceedings{fank2021after,
  title={After You! Design and Evaluation of a Human Machine Interface for Cooperative Truck Overtaking Maneuvers on Freeways},
  author={Fank, J. and Knies, Ch. and Diermeyer, F.},
  booktitle={13th International Conference on Automotive User Interfaces and Interactive Vehicular Applications},
  pages={90--98},
  year={2021}
}

@inproceedings{fank2017factors,
  title={Factors for User Acceptance of Cooperative Assistance Systems: A Two-Step Study Assessing Cooperative Driving},
  author={Fank, J. and Knies, Ch. and Diermeyer, F. and Prasch, L. and Reinhardt, J. and Bengler, K.},
  booktitle={8},
  year={2017}
}

@article{shladover2021opportunities,
  title={Opportunities and Challenges in Cooperative Road Vehicle Automation},
  author={Shladover, S.E.},
  journal={IEEE Open Journal of Intelligent Transportation Systems},
  volume={2},
  pages={216--224},
  year={2021},
  publisher={IEEE}
}

@inproceedings{ziehn2023cooperative,
  title={Cooperative automated driving for bottleneck scenarios in mixed traffic},
  author={{\noop{AAA}}Ziehn, J.R. and Baumann, M.V. and Beyerer, J. and Buck, H.S. and Deml, B. and Ehrhardt, S. and Frese, Ch. and Kleiser, D. and Lauer, M. and Roschani, M. and others},
  booktitle={35th IEEE Intelligent Vehicles Symposium (IV 2023), Anchorage, AK, USA, June 4-7, 2023},
  year={2023}
}

